

@article{allis1988knowledge,
  title={A Knowledge-Based Approach of Connect-Four.},
  author={Allis, Louis Victor},
  journal={J. Int. Comput. Games Assoc.},
  volume={11},
  number={4},
  pages={165},
  year={1988}
}

@inproceedings{borovska2007efficiency,
  title={Efficiency of parallel minimax algorithm for game tree search},
  author={Borovska, Plamenka and Lazarova, Milena},
  booktitle={Proceedings of the 2007 international conference on Computer systems and technologies},
  pages={1--6},
  year={2007}
}

@book{schwab2004ai,
  title={AI game engine programming},
  author={Schwab, Brian and Schwab, Brian},
  year={2004},
  publisher={Charles River Media Hingham}
}

@online{pygame,
  author = {pygame},
  title = {pygame documentation},
  year = {2024},
  url = {https://www.pygame.org/docs/},
  note = {Pristupljeno: 4.1.2024},
}

@online{Geeksforgeeks,
  author = {Akshay L},
  title = {Minimax Algorithm in Game Theory | Set 1 (Introduction)},
  year = {2022},
  url = {https://www.geeksforgeeks.org/minimax-algorithm-in-game-theory-set-1-introduction/},
  note = {Pristupljeno: 4.1.2024},
}

@online{TheSharperDev,
  author = {TheSharperDev},
  title = {Implementing Minimax Tree Search},
  url = {https://thesharperdev.com/implementing-minimax-tree-search/},
  note = {Pristupljeno: 3.1.2024},
}

@online{techwithtim,
  author = {techwithtim},
  title = {Basic Movement i Key Presses},
  url = {https://www.techwithtim.net/tutorials/game-development-with-python/pygame-tutorial/pygame-tutorial-movement},
  note = {Pristupljeno: 28.12.2023},
}

@online{OpenAI,
  author = {ChatGPT},
  title = {Large language model},
  url = {https://chat.openai.com/chat},
  note = {Pristupljeno: 3.12.2023},
}